@article{albert2000error,
  title={Error and attack tolerance of complex networks},
  author={Albert, R{\'e}ka and Jeong, Hawoong and Barab{\'a}si, Albert-L{\'a}szl{\'o}},
  journal={nature},
  volume={406},
  number={6794},
  pages={378--382},
  year={2000},
  publisher={Nature Publishing Group}
}